@incollection{leventman,
  booktitle={Reconfiguring the Firewall: Recruiting Women to Information Technology across cultures and continents},
  title={Multiple Pathways toward Gender Equity in the United States Information Technology Workforce},
  author={Leventman, Paula G},
  year={2007},
  editor={Burger, Carol J. and Elizabeth, Creamer G. and Meszaros, Peggy S.}
}

@incollection{bartol,
  booktitle={Women and Information Technology: Research on Underrepresentation},
  title={The Transition of Women from the Academic World to the IT Workplace: A Review of the Relevant Research},
  author={Bartol, Kathryn M. and Aspray, William},
  year={2006},
  editor={McGrath Cohoon, J. and Aspray, William}
}

@misc{gendergap-eu,
title = {Gender gap in digital still high in Europe, but tailored training programmes like Women4IT are helping to close it},
note = {on-line at: \url{https://www.digitaleurope.org/news/closing-gender-gap-in-tech-women4it-conference/}},
    author = {Digital Europe},
    year = {2022}
}

@misc{gendergap-uk,
title = {Diversity and inclusion in UK tech companies},
note = {on-line at: \url{https://technation.io/insights/diversity-and-inclusion-in-uk-tech-companies/}},
    author = {Tech Nation}
}

@misc{gendergap-us,
title = {Women in Tech: The Facts},
note = {on-line at: \url{https://ncwit.org/resource/thefacts/}},
    author = {NCWIT},
    year = {2016}
}

@article{soe-yakura,
  title={What's wrong with the pipeline? Assumptions about gender and culture in IT work},
  author={Soe, Louise and Yakura, Elaine K.},
  journal={Women's Studies},
  volume={37},
  number={3},
  pages={176--201},
  year={2008},
  publisher={Taylor \& Francis}
}

@misc{jacobs,
  title={Mapping leaks in the math, science, and technology pipeline},
  author={Jacobs, Janis E. and Simpkins, Sandra D.},
  journal={New Directions for child and adolescent development},
  volume={2005},
  number={110},
  pages={3--6},
  year={2005},
  publisher={Wiley Subscription Services, Inc., A Wiley Company San Francisco}
}

@article{blickenstaff,
  title={Women and science careers: leaky pipeline or gender filter?},
  author={Clark Blickenstaff, Jacob},
  journal={Gender and education},
  volume={17},
  number={4},
  pages={369--386},
  year={2005},
  publisher={Taylor \& Francis}
}

@article{barres,
  title={Does gender matter?},
  author={Barres, Ben A},
  journal={Nature},
  volume={442},
  number={7099},
  pages={133--136},
  year={2006},
  publisher={Nature Publishing Group}
}

@article{hellens,
  title={Australian women in IT},
  author={von Hellens, Liisa and Nielsen, Sue},
  journal={Communications of the ACM},
  volume={44},
  number={7},
  pages={46--52},
  year={2001},
  publisher={ACM New York, NY, USA}
}

@article{swafford,
  title={Addressing the Gender Gap: Women's Perceived Barriers to Pursuing STEM Careers.},
  author={Swafford, Marshall and Anderson, Ryan},
  journal={Journal of Research in Technical Careers},
  volume={4},
  number={1},
  pages={61--74},
  year={2020},
  publisher={ERIC}
}

@inproceedings{llewellyn,
  title={Alternate Pathways to Success},
  author={Llewellyn, Donna and Usselman, Marion and Gaughan, Monica},
  booktitle={2004 Annual Conference},
  pages={9--155},
  year={2004}
}

@article{segovia,
  title={Being a woman in an ICT job: An analysis of the gender pay gap and discrimination in Spain},
  author={Segovia-P{\'e}rez, M{\'o}nica and Castro N{\'u}{\~n}ez, Rosa Bel{\'e}n and Santero S{\'a}nchez, Rosa and Laguna S{\'a}nchez, Pilar},
  journal={New Technology, Work and Employment},
  volume={35},
  number={1},
  pages={20--39},
  year={2020},
  publisher={Wiley Online Library}
}

@article{dhi,
  title={The gender pay gap in tech},
  author={DHI Group (Firm)},
  year={2020},
  publisher={DHI Group, New York, New York}
}

@misc{lawler,
  title={Summers's comments draw attention to gender, racial gaps},
  author={Lawler, Andrew},
  year={2005},
  publisher={American Association for the Advancement of Science}
}

@article{wynn,
  title={Puncturing the pipeline: Do technology companies alienate women in recruiting sessions?},
  author={Wynn, Alison T and Correll, Shelley J},
  journal={Social studies of science},
  volume={48},
  number={1},
  pages={149--164},
  year={2018},
  publisher={SAGE Publications Sage UK: London, England}
}

@misc{steinberg-forbes-misc,
title = {Sexism In Startups: The Frank Conversation We Need To Be Having},
note = {on-line at: \url{https://www.forbes.com/sites/josephsteinberg/2014/09/18/heres-the-conversation-men-need-to-have-about-sexism-as-told-by-a-man/}},
    author = {Steinberg, Joseph},
    date = {18. 09. 2014.}
}

@article{steinberg-forbes,
  title={Sexism In Startups: The Frank Conversation We Need To Be Having},
  author={Steinberg, Joseph},
  journal={Forbes},
  year={2014},
  note={on-line at: \url{https://www.forbes.com/sites/josephsteinberg/2014/09/18/heres-the-conversation-men-need-to-have-about-sexism-as-told-by-a-man/}}
}

@article{schleunes-scientist,
  title={Scholars Debate Causes of Women’s Underrepresentation in STEM},
  author={Schleunes, Amy},
  journal={The Scientist},
  year={2020},
  note={on-line at: \url{https://www.the-scientist.com/news-opinion/scholars-debate-causes-of-womens-underrepresentation-in-stem-67117}}
}

@article{mellstrom,
  title={The intersection of gender, race and cultural boundaries, or why is computer science in Malaysia dominated by women?},
  author={Mellstr{\"o}m, Ulf},
  journal={Social studies of science},
  volume={39},
  number={6},
  pages={885--907},
  year={2009},
  publisher={Sage Publications Sage UK: London, England}
}

@article{stoet,
  title={The gender-equality paradox in science, technology, engineering, and mathematics education},
  author={Stoet, Gijsbert and Geary, David C},
  journal={Psychological science},
  volume={29},
  number={4},
  pages={581--593},
  year={2018},
  publisher={Sage Publications Sage CA: Los Angeles, CA}
}

@article{richardson,
  title={Is there a gender-equality paradox in science, technology, engineering, and math (STEM)? Commentary on the study by Stoet and Geary (2018)},
  author={Richardson, Sarah S and Reiches, Meredith W and Bruch, Joe and Boulicault, Marion and Noll, Nicole E and Shattuck-Heidorn, Heather},
  journal={Psychological Science},
  volume={31},
  number={3},
  pages={338--341},
  year={2020},
  publisher={Sage Publications Sage CA: Los Angeles, CA}
}

@book{shefigures,
author = {European Commission and Directorate-General for Research and Innovation},
title = {She figures 2021 : gender in research and innovation : statistics and indicators},
publisher = {Publications Office},
year = {2021},
doi = {doi/10.2777/06090}}

@article{casad,
  title={Gender inequality in academia: Problems and solutions for women faculty in STEM},
  author={Casad, Bettina J and Franks, Jillian E and Garasky, Christina E and Kittleman, Melinda M and Roesler, Alanna C and Hall, Deidre Y and Petzel, Zachary W},
  journal={Journal of neuroscience research},
  volume={99},
  number={1},
  pages={13--23},
  year={2021},
  publisher={Wiley Online Library}
}

@article{way,
author = {Way, Samuel and Larremore, Daniel and Clauset, Aaron},
year = {2016},
month = {02},
pages = {},
title = {Gender, Productivity, and Prestige in Computer Science Faculty Hiring Networks}
}

@article{ding,
  title={Trends in gender pay gaps of scientists and engineers in academia and industry},
  author={Ding, Waverly W and Ohyama, Atsushi and Agarwal, Rajshree},
  journal={Nature Biotechnology},
  volume={39},
  number={8},
  pages={1019--1024},
  year={2021},
  publisher={Nature Publishing Group}
}

@article{morgan,
  title={The unequal impact of parenthood in academia},
  author={Morgan, Allison C and Way, Samuel F and Hoefer, Michael JD and Larremore, Daniel B and Galesic, Mirta and Clauset, Aaron},
  journal={Science Advances},
  volume={7},
  number={9},
  pages={eabd1996},
  year={2021},
  publisher={American Association for the Advancement of Science}
}

@article{brockwell,
  title={Sorry, Google memo man: women were in tech long before you},
  author={Holly Brockwell},
  journal={The Guardian},
  year={2017},
  publisher={The Guardian},
  note={on-line at: \url{https://www.theguardian.com/commentisfree/2017/aug/09/google-memo-man-women-tech-original-computer-programmers}}
}

@misc{npr,
  title={The Forgotten Female Programmers Who Created Modern Tech},
  author={Holly Brockwell},
  year={2014},
  publisher={National Public Radio},
  note={on-line at: \url{https://www.npr.org/sections/alltechconsidered/2014/10/06/345799830/the-forgotten-female-programmers-who-created-modern-tech}}
}

@article{davis,
  title={Ada Lovelace and Charles Babbage designed a computer in the 1840s. A cartoonist finishes the project},
  author={Nicola Davis},
  journal={The Guardian},
  year={2015},
  publisher={The Guardian},
  note={on-line at: \url{https://www.theguardian.com/technology/2015/apr/12/thrilling-adventures-ada-lovelace-charles-babbage-sydney-padua}}
}

@article{fuegi,
  title={Lovelace \& Babbage and the Creation of the 1843 ‘Notes’},
  author={John Fuegi and Jo Francis},
  journal={IEEE Annals of the History of Computing},
  year={2003},
  publisher={IEEE Computer Society},
  pages={16--26}
}

@book{sobel,
    title={The Glass Universe: How the Ladies of the Harvard Observatory Took the Measure of the Stars},
    author={Dava Sobel},
    publsiher={Penguin Publishing Group},
    year={2017}
}

@book{evans,
    title={Broad Band: The Untold Story of the Women Who Made the Internet},
    author={Claire L. Evans},
    year={2018},
    publisher={Penguin Publishing Group}
}

@book{grier,
    title={When Computers Were Human},
    author={David Alan Grier},
    year={2013},
    publisher={Princeton: Princeton University Press}
}

@article{frink,
  title={Researcher reveals how “Computer Geeks” replaced “Computer Girls”},
  author={Brenda D. Frink},
  year={2011},
  publisher={The Clayman Institute for Gender Research},
  note={on-line at: \url{https://web.archive.org/web/20150312130252/http://gender.stanford.edu/news/2011/researcher-reveals-how-%E2%80%9Ccomputer-geeks%E2%80%9D-replaced-%E2%80%9Ccomputergirls%E2%80%9D}}
}

@article{camp,
  title={Women in Computer Sciences: Reversing the Trend},
  author={Tracy Camp},
  year={2011},
  publisher={Colorado School of Mines},
  note={on-line at: \url{http://www.cs.cmu.edu/~women/resources/aroundTheWeb/hostedPapers/Syllabus-Camp.pdf}}
}

@article{aei,
  title={Is Closing the Gender Gap in Tech Even Possible? Not Likely, No Matter How Much Money Is Spent},
  year={2020},
  publisher={America Enterprise Institute},
  note={on-line at: \url{https://www.aei.org/carpe-diem/is-closing-the-gender-gap-in-tech-even-possible-not-likely-no-matter-how-much-money-woke-corporations-spend}}
}

@article{veb1,
  title={Jaz među polovima u nauci i IT-u},
  author={British Council Serbia},
  year={2021},
  note={
 \url{https://www.britishcouncil.rs/programmes/education/21st-century-schools/women-in-science/gender-gap}}
}

@article{veb2,
  title={Ženski rukopis u IT industriji},
  author={Una Cilic},
  year={2020},
  note={
 \url{https://www.slobodnaevropa.org/a/it-zene-ravnopravnost-tehnologija/29847636.html}}
}

@article{veb3,
  title={Women Know IT},
  author={RS PRESS},
  year={2020},
  note={
 \url{https://pcpress.rs/microsoft-organizuje-online-dogadaj-women-know-it}}
}

@article{blum2001women,
  title={Women in computer science: the Carnegie Mellon experience},
  author={Blum, Lenore},
  journal={women@ scs2},
  volume={2},
  number={1},
  pages={27},
  year={2001}
}

@incollection{hamilton2016gender,
  title={Gender equity in computing: International faculty perceptions and current practices},
  author={Hamilton, Margaret and Luxton-Reilly, Andrew and Augar, Naomi and Chiprianov, Vanea and Gutierrez, Eveling Castro and Duarte, Elizabeth Vidal and Hu, Helen H and Ittyipe, Shoba and Pearce, Janice L and Oudshoorn, Michael and others},
  booktitle={Proceedings of the 2016 ITiCSE Working Group Reports},
  pages={81--102},
  year={2016}
}

@misc{anitaborg,
title = {Global Organization for Women Technologists - AnitaB.org},
note = {on-line at: \url{https://anitab.org/}}
}

@misc{bcswomen,
title = {BCSWomen specialist group: About BCSWomen | BCS},
note = {on-line at: \url{https://www.bcs.org/membership-and-registrations/member-communities/bcswomen-specialist-group/about-bcswomen/}}
}

@misc{leadership-women,
title = {Women in Tech Statistics: Girls Get Tech},
note = {on-line at: \url{https://dataprot.net/statistics/women-in-tech-statistics/}}
}

@misc{cwit,
title = {Center for Women in Technology - UMBC},
note = {on-line at: \url{https://cwit.umbc.edu/about/}}
}

@misc{girlgeek,
title = {Girl Geek Dinners Challenge IT Perception | Scoop News},
note = {on-line at: \url{https://www.scoop.co.nz/stories/AK1004/S00313.htm}},
}

@article{dubow2013bringing,
  title={Bringing young women into computing through the NCWIT aspirations in computing program},
  author={DuBow, Wendy M and Farmer, Ruthe and Wu, Zhen and Fredrickson, Malia},
  journal={Communications of the ACM},
  volume={56},
  number={12},
  pages={34--37},
  year={2013},
  publisher={ACM New York, NY, USA}
}

@misc{ncwit,
title={National Center for Women \& Information Technology},
note={on-line at: \url{https://ncwit.org/}}
}